<?xml version="1.0" encoding="UTF-8"?>
<record xmlns="http://www.loc.gov/MARC21/slim" xmlns:xsi="http://www.w3.org/2001/XMLSchema-instance" xsi:schemaLocation="http://www.loc.gov/MARC21/slim http://www.loc.gov/standards/marcxml/schema/MARC21slim.xsd">
<leader>     cam a2200265 a 4500</leader>
<controlfield tag="001">001368800</controlfield>
<controlfield tag="003">NNU</controlfield>
<controlfield tag="005">20061010173034.0</controlfield>
<controlfield tag="008">980327m19551956le       d    000 0 arao</controlfield>
<datafield tag="010" ind1=" " ind2=" ">
<subfield code="a">ne 62000090</subfield>
</datafield>
<datafield tag="035" ind1="9" ind2=" ">
<subfield code="a">NYUb11782849</subfield>
</datafield>
<datafield tag="035" ind1=" " ind2=" ">
<subfield code="a">(CStRLIN)NYUG98-B982</subfield>
</datafield>
<datafield tag="040" ind1=" " ind2=" ">
<subfield code="c">NhD</subfield>
<subfield code="d">CStRLIN</subfield>
<subfield code="d">NNU</subfield>
</datafield>
<datafield tag="050" ind1=" " ind2=" ">
<subfield code="a">PJ6620</subfield>
<subfield code="b">.I15</subfield>
</datafield>
<datafield tag="066" ind1=" " ind2=" ">
<subfield code="c">(3</subfield>
</datafield>
<datafield tag="090" ind1=" " ind2=" ">
<subfield code="a">PJ6620</subfield>
<subfield code="b">.I15</subfield>
</datafield>
<datafield tag="100" ind1="1" ind2=" ">
<subfield code="6">880-01</subfield>
<subfield code="a">Ibn Manẓūr, Muḥammad ibn Mukarram,</subfield>
<subfield code="d">1232-1311 or 12.</subfield>
</datafield>
<datafield tag="245" ind1="1" ind2="0">
<subfield code="6">880-02</subfield>
<subfield code="a">Lisān al-ʻArab /</subfield>
<subfield code="c">li-Abi al-Faḍl Jamāl al-Dīn Muḥammad ibn Mukarram ibn Manẓūr al-Afrīqī al-Miṣrī.</subfield>
</datafield>
<datafield tag="260" ind1=" " ind2=" ">
<subfield code="6">880-03</subfield>
<subfield code="a">Bayrūt :</subfield>
<subfield code="b">Dār Ṣādir,</subfield>
<subfield code="c">1955-1956.</subfield>
</datafield>
<datafield tag="300" ind1=" " ind2=" ">
<subfield code="a">15 v. ;</subfield>
<subfield code="c">30 cm.</subfield>
</datafield>
<datafield tag="500" ind1=" " ind2=" ">
<subfield code="a">Issued in 65 parts.</subfield>
</datafield>
<datafield tag="650" ind1=" " ind2="0">
<subfield code="a">Arabic language</subfield>
<subfield code="v">Dictionaries</subfield>
<subfield code="v">Early works to 1800.</subfield>
</datafield>
<datafield tag="880" ind1="1" ind2=" ">
<subfield code="6">100-01/</subfield>
<subfield code="a">ابن منظور، محمد بن مكرم.</subfield>
</datafield>
<datafield tag="880" ind1="1" ind2="0">
<subfield code="6">245-02/</subfield>
<subfield code="a">لسان العرب /</subfield>
<subfield code="c">لابي الفضل جمال الدين محمد بن مكرم بن منظور الافريقي المصري.</subfield>
</datafield>
<datafield tag="880" ind1=" " ind2=" ">
<subfield code="6">260-03/</subfield>
<subfield code="a">بيروت :</subfield>
<subfield code="b">دار الصادر،</subfield>
<subfield code="c">١٩٥٥-١٩٥٦.</subfield>
</datafield>
<datafield tag="OWN" ind1=" " ind2=" ">
<subfield code="a">GENERAL</subfield>
</datafield>
<datafield tag="998" ind1=" " ind2=" ">
<subfield code="a">19980327</subfield>
<subfield code="d">19980327</subfield>
<subfield code="d">20020504</subfield>
<subfield code="n">NNU</subfield>
<subfield code="s">1</subfield>
<subfield code="t">c</subfield>
<subfield code="z">e</subfield>
</datafield>
<datafield tag="AVA" ind1=" " ind2=" ">
<subfield code="a">NYU50</subfield>
<subfield code="b">BOBST</subfield>
<subfield code="c">1st Floor Reference</subfield>
<subfield code="d">PJ6620 .I15 Non-Circulating</subfield>
<subfield code="e">unavailable</subfield>
<subfield code="t">Unavailable</subfield>
<subfield code="f">15</subfield>
<subfield code="g">15</subfield>
<subfield code="h">Y</subfield>
<subfield code="i">0</subfield>
<subfield code="j">REF1</subfield>
<subfield code="k">0</subfield>
</datafield>
</record>
